<?xml version="1.0" encoding="UTF-8"?><collection xmlns="http://www.loc.gov/MARC21/slim"><record><leader>00613nam--2200169-i-4500</leader><controlfield tag="001">000014215</controlfield><controlfield tag="002">20161230</controlfield><controlfield tag="005">20161230201030</controlfield><controlfield tag="008">060222s1000------------r-----000-0-eng-d</controlfield><datafield ind1=" " ind2=" " tag="040"><subfield code="a">IFIN-HH</subfield></datafield><datafield ind1=" " ind2=" " tag="080"><subfield code="a">531.19(061.3)</subfield></datafield><datafield ind1="1" ind2=" " tag="100"><subfield code="a">Cohen, E.G.D</subfield></datafield><datafield ind1="1" ind2="0" tag="245"><subfield code="a">Fundamental problems in statistical mechanics v</subfield><subfield code="b">Proceedings of the fifth international summe r school on fundamental problems in statistica l mechanics, enschede, the netherlands, june 23-july 5,1980</subfield><subfield code="c">E.G.D. Cohen (Ed.)</subfield></datafield><datafield ind1=" " ind2=" " tag="260"><subfield code="a">Amsterdam, North-holland Publ.Co.,1980</subfield></datafield><datafield ind1=" " ind2=" " tag="300"><subfield code="a">IX+385P</subfield></datafield><datafield ind1=" " ind2=" " tag="852"><subfield code="a">70212</subfield><subfield code="c">531</subfield></datafield><datafield ind1=" " ind2=" " tag="CAT"><subfield code="a">Sys</subfield><subfield code="c">20100701</subfield><subfield code="h">092430</subfield></datafield></record></collection>